<?xml version="1.0" encoding="UTF-8"?><record xmlns="http://www.loc.gov/MARC21/slim" xmlns:cinclude="http://apache.org/cocoon/include/1.0" xmlns:zs="http://www.loc.gov/zing/srw/">
  <leader>00583cz  a2200145n  4500</leader>
  <controlfield tag="001">n  85145905 </controlfield>
  <controlfield tag="003">DLC</controlfield>
  <controlfield tag="005">19890105103222.7</controlfield>
  <controlfield tag="008">881116n| acannaab|          |a ana ||| c</controlfield>
  <datafield tag="010" ind1=" " ind2=" ">
    <subfield code="a">n  85145905 </subfield>
  </datafield>
  <datafield tag="040" ind1=" " ind2=" ">
    <subfield code="a">N</subfield>
    <subfield code="c">DLC</subfield>
    <subfield code="d">DLC</subfield>
  </datafield>
  <datafield tag="110" ind1="1" ind2="0">
    <subfield code="a">Great Britain.</subfield>
    <subfield code="b">Royal Commission on Doctors' and Dentists' Remuneration</subfield>
  </datafield>
  <datafield tag="410" ind1="1" ind2="0">
    <subfield code="a">Great Britain.</subfield>
    <subfield code="b">Commission on Doctors' and Dentists' Remuneration, Royal</subfield>
  </datafield>
  <datafield tag="410" ind1="1" ind2="0">
    <subfield code="a">Great Britain.</subfield>
    <subfield code="b">Doctors' and Dentists' Remuneration, Royal Commission on</subfield>
  </datafield>
  <datafield tag="670" ind1=" " ind2=" ">
    <subfield code="a">Its Minutes of evidence, 1958:</subfield>
    <subfield code="b">t.p. (Royal Commission on Doctors' and Dentists' Remuneration)</subfield>
  </datafield>
</record>